@book{Porush:1997,
	Author = {David Porush},
	Publisher = {Longman Publishing Group},
	Title = {A Short Guide to Writing about Science},
	Year = {1997}}
